

@article{Assalini:2004,
    author  = {Antonio Assalini and Andrea M. Tonello},
    title   = {{Improved Nyquist Pulses}},
    journal = {{IEEE Communications Letters}},
    volume  = {8},
    number  = {2},
    month   = {February},
    year    = {2004}}

@article{Beaulieu:2001,
    author  = {Norman C. Beaulieu and Christopher C. Tan and
               Mohamed Oussama Damen},
    title   = {{A ``Better Than'' Nyquist Pulse}},
    journal = {{IEEE Communications Letters}},
    volume  = {5},
    number  = {9},
    month   = {September},
    year    = {2001}}

@techreport{Berlekamp:1972,
    author      = {E. R. Berlekamp},
    title       = {Decoding the Golay Code},
    institution = {{JPL}},
    number      = {32-1526},
    month       = {July-August},
    year        = {1972}}

@inproceedings{Berrou:1993,
    author      = {Claude Berrou and Alain Glavieux and Punya Thitimajshima},
    booktitle   = {{ICC'93}},
    title       = {{Near Shannon limit error-correcting coding and decoding}},
    year        = 1993,
    pages       = {1064--1070}}

@book{Best:1997,
    author      = {Roland E. Best},
    publisher   = {McGraw-Hill},
    title       = {{Phase-Locked Loops: Design, Simulation, and Applications}},
    year        = {1997},
    edition     = {3}}

@article{Braun:1991,
	author  = {W. R. Braun and U. Dersch},
	title   = {{A physical mobile radio channel model}},
	year    = {1991},
	month   = {February},
	journal = {{IEEE Transactions on Vehicular Technology}},
	volume  = 40,
	pages   = {472--482}}

@article{Catreux:2002,
	author  = {S. Catreux and V. Erceg and R. Heath},
	title   = {{Adaptive Modulation and MIMO Coding for
                Broadband Wireless Data Networks}},
	journal = {{IEEE Communications Magazine}},
	year    = {2002},
	month   = {June},
	pages   = {108-115}}

@inproceedings{Cavers:1999,
	author      = {J. K. Cavers},
	title       = {{Optimized use of diversity modes in transmitter
                    diversity systems}},
	booktitle   = {{Vehicular Technology Conference}},
	year        = {1999},
	month       = {April},
	pages       = {1768--1773}}

@article{CooleyTukey:1965,
    author  = {{James W. Cooley and John W. Tukey}},
    journal = {{Math. Comp.}},
    title   = {{An Algorithm for the Machine Calculation of
                Complex Fourier Series}},
    volume  = 19,
    pages   = {297--301},
    year    = 1965}


@misc{cppunit:web,
    howpublished  = {http://sourceforge.net/projects/cppunit/},
    key           = {cppunit},
    title         = {{CppUnit website}},
    year          = {2010}}

@misc{cxxtest:web,
    howpublished  = {http://cxxtest.tigris.org/},
    key           = {cxxtest},
    title         = {{cxxtest website}},
    year          = {2010}}

@article{Gallager:1962,
    author  = {R. G. Gallager},
	title   = {{Low Density Parity Check Codes}},
	year    = {1962},
	month   = {January},
	journal = {{IRE Transactions on Information Theory}},
	volume  = {{IT-8}},
	pages   = {21--28}}

@inproceedings{harris-Moerder:2005,
    author      = {fredric j. harris and Chris Dick and
                   Sridhar Seshagiri and Karl Moerder},
    key         = {Harris},
    booktitle   = {{Proceedings of the Software-Defined Radio Forum}},
    title       = {{An Improved Square-Root Nyquist Shaping Filter}},
    year        = {2005}}

@book{Helstrom:1960,
    author      = {Carl W. Helstrom},
    title       = {{Statistical Theory of Signal Detection}},
    publisher   = {Pergamon Press},
    address     = {New York},
    year        = 1960}

@article{Helstrom:1992,
    author  = {Carl W. Helstrom},
    journal = {{IEEE Transactions on Information Theory}},
    title   = {{Computing the Generalized Marcum $Q$-Function}},
    volume  = 38,
    number  = 4,
    pages   = {1422|1428},
    month   = 7,
    year    = 1992}

@inproceedings{Herrmann:1973,
    author      = {O. Herrmann and L. R. Rabiner and D. S. K. Chan},
    title       = {{Practical design rules for optimum fininte impulse
                    response lowpass digital filters}},
    booktitle   = {{Bell Systems Technical Journal}},
    volume      = {52},
    pages       = {769|99},
    month       = {July-Aug.},
    year        = {1973}}

@article{Ko:2003,
	author  = {Y. C. Ko and M. Alouini},
	title   = {{Estimation of {N}akagami-$m$ fading channel
                parameters with application to optimized
                transmitter diversity systems}},
	journal = {{IEEE Transactions on Wireless Communications}},
	volume  = {2},
	number  = {2},
	pages   = {250--259},
	month   = {March},
	year    = {2003}}

@inproceedings{LeGoff:1994,
    author      = {St\'{e}phane Le Goff and
                   Alain Glavieux and
                   Claude Berrou},
    booktitle   = {{ICC'94}},
    title       = {{Turbo-Codes and High Spectral Efficiency Modulation}},
    year        = 1994,
    pages       = {645--649}}

@misc{libfec:web,
    author          = {Phil Karn},
    howpublished    = {http://www.ka9q.net/code/fec/},
    title           = {{libfec website}},
    year            = {2007}}

@misc{fftw:web,
    author          = {Matteo Frigo},
    howpublished    = {www.fftw.org/},
    title           = {{FFTW Website}},
    year            = {2010}}

@misc{gcc:web,
    howpublished    = {http://gcc.gnu.org/},
    key             = {gcc},
    title           = {{GCC, the GNU Compiler Collection (official website)}},
    year            = {2011}}

@misc{git:web,
    howpublished    = {http://git-scm.com/},
    key             = {git},
    title           = {{official Git website}},
    year            = {2011}}

@misc{github:web,
    howpublished    = {http://github.com/},
    key             = {github},
    title           = {{official github website}},
    year            = {2011}}

@misc{gnu:gplv3,
    howpublished    = {http://www.gnu.org/licenses/gpl-3.0.html},
    month           = {8},
    title           = {{GNU General Public License}},
    year            = {2008}}

@misc{gnuradio:web,
      howpublished  = {http://gnuradio.org/},
      key           = {gnuradio},
      month         = {2},
      title         = {{GNU Radio (official website)}},
      year          = {2011}}

@book{harris:2004,
    author      = {fredric j. harris},
    key         = {Harris},
    publisher   = {Prentice Hall},
    title       = {Multirate Signal Processing for Communication Systems},
    year        = {2004}}

@book{Haykin:2002,
    address     = {Upper Saddle River, N.J.},
    author      = {Simon S. Haykin},
    edition     = {4},
    publisher   = {Prentice Hall},
    title       = {{Adaptive Filter Theory}},
    year        = {2002}}

@misc{linux-kernel:web,
    howpublished    = {http://www.kernel.org/},
    key             = {linux},
    title           = {{The Linux Kernel Archives|Official Website}},
    year            = {2011}}

@book{Lin:2004,
    author      = {Shu Lin and Daniel L. Costello Jr.},
    title       = {{Error Control Coding}},
    edition     = {2},
    publisher   = {{Prentice Hall}},
    address     = {{New Jersey}},
    year        = {2004}}

@misc{mathworks:web,
    howpublished    = {http://www.mathworks.com/},
    key             = {mathworks},
    month           = {2},
    title           = {{MathWorks (official website)}},
    year            = {2011}}

@book{Mengali:1997,
    author      = {Umberto Mengali and Aldo N. D'Andrea},
    edition     = {1},
    publisher   = {Springer},
    address     = {New York},
    title       = {Synchronization Techniques for Digital Receivers},
    series      = {Applications of Communications Theory},
    year        = {1997}}

@article{Mueller:1976,
    author  = {Kurt H. Mueller and Markus M\"{u}ller},
    journal = {{IEEE Transactions on Communications}},
    title   = {{Timing Recovery in Digital Synchronous Data Receivers}},
    volume  = {{COM-24}},
    number  = 5,
    month   = {May},
    year    = 1976}


@misc{octave:web,
    howpublished    = {http://www.gnu.org/software/octave/},
    author          = {John W. Eaton},
    title           = {{Octave Website}},
    year            = {2010}}

@inproceedings{Orchard:1965,
    author      = {H. J. Orchard},
    booktitle   = {{IEEE Transactions on Circuit Theory}},
    title       = {{The Roots of the Maximally Flat-Delay Polynomials}},
    month       = {September},
    year        = {1965}}

@misc{Orfanidis:2006,
    howpublished    = {http://www.ece.rutgers.edu/~orfanidi/hpeq},
    author          = {Sophocles J. Orfanidis},
    title           = {{Lecture Notes on Elliptic Filter Design}},
    year            = {2006}}

@misc{ossie:web,
    howpublished    = {http://ossie.wireless.vt.edu/},
    key             = {ossie},
    month           = {2},
    title           = {{Open Source SCA Implementation::Embedded (official website)}},
    year            = {2011}}

@book{Papoulis:2002,
	author      = {A. Papoulis and S. U. Pillai},
	title       = {{Probability, Random Variables and Stochastic Processes}},
	publisher   = {McGraw-Hill},
	year        = {2002},
	address     = {Boston},
	edition     = {4}}

Roger. L. Peterson, Rodger E. Ziemer, David E. Borth, "Introduction
to Spread-Spectrum Communications." New Jersey: Prentice Hall, 1995.
@book{Peterson:1995,
    address     = {New Jersey},
    author      = {Roger L. Peterson and Rodger E. Ziemer and David E. Borth},
    publisher   = {Prentice Hall},
    title       = {Introduction to Spread-Spectrum Communications},
    year        = {1995}}

@book{Proakis:2001,
    address     = {New York},
    author      = {J. G. Proakis},
    edition     = {4},
    publisher   = {McGraw-Hill},
    title       = {{Digital Communications}},
    year        = {2001}}

@misc{python:web,
    howpublished    = {http://python.org/},
    key             = {python},
    title           = {{Python Programming Language|Official Website}},
    year            = {2011}}

@inproceedings{Qiang:2003,
    author      = {{LI} Qiang and {DU} Peng and {BI} Guangguo},
    booktitle   = {{IEEE International Symposium on Personal,
                   Indoor and Mobile Radio Communication}},
    title       = {{Generalized Soft Decision Metric generation for
                    PSK/MQAM without Noise Variance Knowledge}},
    year        = 2003,
    pages       = {1027--1030}}

    @article{Rader:1968,
    author  = {Charles M. Rader},
	title   = {{Discrete Fourier Transforms When the Number
                of Data Samples is Prime}},
	year    = {1968},
	month   = {June},
	journal = {{Proceedings of the IEEE}},
	volume  = {56},
	number  = {6},
	pages   = {1107--1108}}

@article{Simon:1998,
	author  = {Simon, M. K. and Alouini, M. S.},
	title   = {{A Unified Approach to the Performance Analysis of
                Digital Communication over Generalized Fading Channels}},
	year    = 1998,
	month   = {September},
	journal = {{Proceedings of the IEEE}},
	volume  = 86,
	number  = 9}

@article{Suzuki:1977,
	author  = {H. Suzuki},
	title   = {{A Statistical model for Urban Radio Propagation}},
	journal = {{IEEE Transactions on Communications}},
	volume  = {{COM-25}},
	pages   = {673--80},
	year    = {1977},
	month   = {July}}

@article{Turin:1980,
	author  = {G. L. Turin},
	title   = {{Introduction to Spread-Spectrum Anti-Multipath Techniques
                and Their Applications to Urban Digital Radio}},
	journal = {{Proceedings of the IEEE}},
	volume  = 68,
	pages   = {328--53},
	year    = {1980},
	month   = {March}}


Editor = {Alan V. Oppenheim},
@book{Vaidyanathan:1993,
    address     = {New Jersey},
    author      = {P. P. Vaidyanathan},
    publisher   = {Prentice Hall},
    series      = {Prentice Hall Signal Processing Series},
    title       = {Multirate Systems and Filter Banks},
    year        = {1993}}

@misc{vim:web,
    howpublished    = {http://www.vim.org/},
    key             = {vim},
    title           = {{official vim website}},
    year            = {2011}}

@book{Ziemer:1998,
    address     = {New Jersey},
    author      = {Roger E. Ziemer and
                   William H. Tranter and
                   D. Ronald Fannin},
    publisher   = {Prentice Hall},
    title       = {Signals and Systems: Continuous and Discrete},
    address     = {Upper Saddle River, NJ},
    edition     = 4,
    year        = {1998}}



